<record><leader>00000cas a2200000 a 4500</leader><controlfield tag="001">25191824</controlfield><controlfield tag="008">920130d19711971caumr ne      0    0eng c</controlfield><datafield ind1=" " ind2=" " tag="010"><subfield code="a">sn 94053443 </subfield></datafield><datafield ind1=" " ind2=" " tag="040"><subfield code="a">SLR</subfield><subfield code="b">eng</subfield><subfield code="c">SLR</subfield><subfield code="d">CNW</subfield><subfield code="d">OCLCQ</subfield><subfield code="d">CUV</subfield><subfield code="d">OCLCQ</subfield><subfield code="d">OCLCO</subfield></datafield><datafield ind1="1" ind2=" " tag="029"><subfield code="a">AU@</subfield><subfield code="b">000025877068</subfield></datafield><datafield ind1=" " ind2=" " tag="042"><subfield code="a">pcc</subfield></datafield><datafield ind1=" " ind2=" " tag="043"><subfield code="a">n-us---</subfield><subfield code="a">n-us-ca</subfield></datafield><datafield ind1=" " ind2=" " tag="090"><subfield code="a">HQ75</subfield><subfield code="b">.M685</subfield></datafield><datafield ind1="0" ind2="0" tag="245"><subfield code="a">Mother.</subfield></datafield><datafield ind1=" " ind2=" " tag="260"><subfield code="3">&lt;July 1971&gt; :</subfield><subfield code="a">Stanford, CA :</subfield><subfield code="b">Sasha Gregory</subfield></datafield><datafield ind1="3" ind2=" " tag="260"><subfield code="3">Aug. 1971-Dec. 1971 :</subfield><subfield code="a">Stanford, CA :</subfield><subfield code="b">Mother Publications</subfield></datafield><datafield ind1=" " ind2=" " tag="300"><subfield code="a">v. :</subfield><subfield code="b">ill. ;</subfield><subfield code="c">38 cm.</subfield></datafield><datafield ind1=" " ind2=" " tag="310"><subfield code="a">Monthly</subfield></datafield><datafield ind1="0" ind2=" " tag="362"><subfield code="a">Vol. 1, no. 1 (June 1971)-v. 1, no. 7 (Dec. 1971).</subfield></datafield><datafield ind1=" " ind2=" " tag="500"><subfield code="a">Managing editor: Aug. 1971-, Sasha Gregory.</subfield></datafield><datafield ind1=" " ind2=" " tag="530"><subfield code="a">Also issued on microfilm from Bell &amp; Howell (Herstory).</subfield></datafield><datafield ind1=" " ind2=" " tag="588"><subfield code="a">Final issue consulted.</subfield></datafield><datafield ind1=" " ind2="0" tag="650"><subfield code="a">Lesbians</subfield><subfield code="z">United States</subfield><subfield code="v">Newspapers.</subfield></datafield><datafield ind1=" " ind2="0" tag="650"><subfield code="a">Lesbians</subfield><subfield code="z">California</subfield><subfield code="z">San Francisco Bay Area</subfield><subfield code="v">Newspapers.</subfield></datafield><datafield ind1=" " ind2="0" tag="650"><subfield code="a">Lesbianism</subfield><subfield code="v">Newspapers.</subfield></datafield><datafield ind1=" " ind2="0" tag="650"><subfield code="a">Lesbians</subfield><subfield code="x">Press coverage</subfield><subfield code="v">Newspapers.</subfield></datafield><datafield ind1=" " ind2="0" tag="650"><subfield code="a">Women's rights</subfield><subfield code="z">United States</subfield><subfield code="v">Newspapers.</subfield></datafield><datafield ind1=" " ind2="0" tag="650"><subfield code="a">Gay rights</subfield><subfield code="z">United States</subfield><subfield code="v">Newspapers.</subfield></datafield><datafield ind1=" " ind2="0" tag="650"><subfield code="a">Feminism</subfield><subfield code="z">United States</subfield><subfield code="v">Newspapers.</subfield></datafield><datafield ind1=" " ind2="0" tag="650"><subfield code="a">Gay liberation movement</subfield><subfield code="z">United States</subfield><subfield code="v">Newspapers.</subfield></datafield><datafield ind1=" " ind2="0" tag="650"><subfield code="a">Lesbians</subfield><subfield code="z">United States</subfield><subfield code="x">Information resources</subfield><subfield code="v">Newspapers.</subfield></datafield><datafield ind1=" " ind2="0" tag="651"><subfield code="a">Stanford (Calif.)</subfield><subfield code="v">Newspapers.</subfield></datafield><datafield ind1="1" ind2=" " tag="700"><subfield code="a">Gregory, Sasha.</subfield></datafield><datafield ind1=" " ind2=" " tag="752"><subfield code="a">United States</subfield><subfield code="b">California</subfield><subfield code="c">Santa Clara</subfield><subfield code="d">Stanford.</subfield></datafield><datafield ind1="1" ind2=" " tag="776"><subfield code="t">Mother</subfield><subfield code="w">(DLC)sf 94091872</subfield><subfield code="w">(OCoLC)2264422</subfield></datafield><datafield ind1="0" ind2="0" tag="785"><subfield code="t">Proud woman</subfield><subfield code="w">(OCoLC)25185782</subfield></datafield></record>